<marcxml:record xmlns:xlink="http://www.w3.org/1999/xlink" xmlns:marcxml="http://www.loc.gov/MARC21/slim" xmlns:mets="http://www.loc.gov/METS/" xmlns:mxe="http://www.loc.gov/mxe" xmlns:rdf="http://www.w3.org/1999/02/22-rdf-syntax-ns#" xmlns:rdfs="http://www.w3.org/2000/01/rdf-schema#" xmlns:skos="http://www.w3.org/2004/02/skos/core#" xmlns:madsrdf="http://www.loc.gov/mads/rdf/v1#" xmlns:ri="http://id.loc.gov/ontologies/RecordInfo#" xmlns:sem="http://marklogic.com/semantics">
  <marcxml:leader>01380nz  a2200277n  4500</marcxml:leader>
  <marcxml:controlfield tag="001">nb2015004895</marcxml:controlfield>
  <marcxml:controlfield tag="003">DLC</marcxml:controlfield>
  <marcxml:controlfield tag="005">20150313070822.0</marcxml:controlfield>
  <marcxml:controlfield tag="008">150310n| azannaabn          |a ana      </marcxml:controlfield>
  <marcxml:datafield tag="010" ind1=" " ind2=" ">
    <marcxml:subfield code="a">nb2015004895</marcxml:subfield>
  </marcxml:datafield>
  <marcxml:datafield tag="035" ind1=" " ind2=" ">
    <marcxml:subfield code="a">(Uk)009277017</marcxml:subfield>
  </marcxml:datafield>
  <marcxml:datafield tag="040" ind1=" " ind2=" ">
    <marcxml:subfield code="a">Uk</marcxml:subfield>
    <marcxml:subfield code="b">eng</marcxml:subfield>
    <marcxml:subfield code="e">rda</marcxml:subfield>
    <marcxml:subfield code="c">Uk</marcxml:subfield>
  </marcxml:datafield>
  <marcxml:datafield tag="110" ind1="2" ind2=" ">
    <marcxml:subfield code="a">Battistero Lateranense</marcxml:subfield>
  </marcxml:datafield>
  <marcxml:datafield tag="368" ind1=" " ind2=" ">
    <marcxml:subfield code="a">Baptisteries</marcxml:subfield>
    <marcxml:subfield code="2">lcsh</marcxml:subfield>
  </marcxml:datafield>
  <marcxml:datafield tag="370" ind1=" " ind2=" ">
    <marcxml:subfield code="e">Rome (Italy)</marcxml:subfield>
    <marcxml:subfield code="2">naf</marcxml:subfield>
  </marcxml:datafield>
  <marcxml:datafield tag="372" ind1=" " ind2=" ">
    <marcxml:subfield code="a">Baptism--Catholic Church</marcxml:subfield>
    <marcxml:subfield code="a">Christianity</marcxml:subfield>
    <marcxml:subfield code="2">lcsh</marcxml:subfield>
  </marcxml:datafield>
  <marcxml:datafield tag="373" ind1=" " ind2=" ">
    <marcxml:subfield code="a">Basilica di S. Giovanni in Laterano</marcxml:subfield>
    <marcxml:subfield code="a">Catholic Church</marcxml:subfield>
    <marcxml:subfield code="2">naf</marcxml:subfield>
  </marcxml:datafield>
  <marcxml:datafield tag="377" ind1=" " ind2=" ">
    <marcxml:subfield code="a">ita</marcxml:subfield>
  </marcxml:datafield>
  <marcxml:datafield tag="410" ind1="2" ind2=" ">
    <marcxml:subfield code="a">Lateranbaptisterium</marcxml:subfield>
  </marcxml:datafield>
  <marcxml:datafield tag="410" ind1="2" ind2=" ">
    <marcxml:subfield code="a">Baptisterium des Lateran</marcxml:subfield>
  </marcxml:datafield>
  <marcxml:datafield tag="410" ind1="2" ind2=" ">
    <marcxml:subfield code="a">San Giovanni in Fonte al Laterano (Baptistery)</marcxml:subfield>
  </marcxml:datafield>
  <marcxml:datafield tag="410" ind1="2" ind2=" ">
    <marcxml:subfield code="a">Battistero di san Giovanni in Fonte al Laterano</marcxml:subfield>
  </marcxml:datafield>
  <marcxml:datafield tag="410" ind1="2" ind2=" ">
    <marcxml:subfield code="a">Basilica di S. Giovanni in Laterano.</marcxml:subfield>
    <marcxml:subfield code="b">Battistero Lateranense</marcxml:subfield>
  </marcxml:datafield>
  <marcxml:datafield tag="670" ind1=" " ind2=" ">
    <marcxml:subfield code="a">Die Ausstattung des Lateranbaptisteriums unter Urban VIII., [2014]:</marcxml:subfield>
    <marcxml:subfield code="b">back cover (the early Christian "Baptisterium des Lateran" is famous for being founded by Constantine the Great and as the first place of baptism within Roman Christianity)</marcxml:subfield>
  </marcxml:datafield>
  <marcxml:datafield tag="670" ind1=" " ind2=" ">
    <marcxml:subfield code="a">Its website, viewed 10 March 2015:</marcxml:subfield>
    <marcxml:subfield code="b">home page (Battistero Lateranense)</marcxml:subfield>
  </marcxml:datafield>
  <marcxml:datafield tag="670" ind1=" " ind2=" ">
    <marcxml:subfield code="a">Italian Wikipedia, viewed 10 March 2015:</marcxml:subfield>
    <marcxml:subfield code="b">(Battistero lateranense; actual name, San Giovanni in Fonte al Laterano; also, Battistero di san Giovanni in Fonte al Laterano; part of the complex of the Basilica di S. Giovanni in Laterano)</marcxml:subfield>
  </marcxml:datafield>
</marcxml:record>
